@article{neben15,
   author = {{Neben}, A.~R. and {Bradley}, R.~F. and {Hewitt}, J.~N. and 
	{Bernardi}, G. and {Bowman}, J.~D. and {Briggs}, F. and {Cappallo}, R.~J. and 
	{Deshpande}, A.~A. and {Goeke}, R. and {Greenhill}, L.~J. and 
	{Hazelton}, B.~J. and {Johnston-Hollitt}, M. and {Kaplan}, D.~L. and 
	{Lonsdale}, C.~J. and {McWhirter}, S.~R. and {Mitchell}, D.~A. and 
	{Morales}, M.~F. and {Morgan}, E. and {Oberoi}, D. and {Ord}, S.~M. and 
	{Prabu}, T. and {Shankar}, N.~U. and {Srivani}, K.~S. and {Subrahmanyan}, R. and 
	{Tingay}, S.~J. and {Wayth}, R.~B. and {Webster}, R.~L. and 
	{Williams}, A. and {Williams}, C.~L.},
    title = "Measuring phased-array antenna beampatterns with high dynamic range for the Murchison Widefield Array using 137 MHz ORBCOMM satellites",
  journal = {Radio Science},
archivePrefix = "arXiv",
   eprint = {1505.07114},
 primaryClass = "astro-ph.IM",
 keywords = {antenna arrays, radio astronomy, antennas},
     year = "2015a",
    month = jul,
   volume = 50,
    pages = {614-629},
      doi = {10.1002/2015RS005678},
   adsurl = {http://adsabs.harvard.edu/abs/2015RaSc...50..614N},
  adsnote = {Provided by the SAO/NASA Astrophysics Data System}
}
